@book{ronaldo,
    title = {Introdução à Geometria Diferencial},
    author = {Ronaldo Freire de Lima},
    year = {2016},
    edition = {$1^a$ edição},
    publisher = {Sociedade Brasileira de Matemática},
    series = {Colóquios Brasileiros de Matemática das Regiões: Região Norte},
    url = {https://www.ronaldofreiredelima.com/introdução-à-geometria-diferencial},
}
